@ARTICLE{survey,
    author = {Bharath Sundararaman and Ugo Buy and Ajay D. Kshemkalyani},
    title = {Clock synchronization for wireless sensor networks: A Survey},
    journal = {Ad Hoc Networks (Elsevier},
    year = {2005},
    volume = {3},
    pages = {281--323}
}
@article{survey2,
 author = {Yick, Jennifer and Mukherjee, Biswanath and Ghosal, Dipak},
 title = {Wireless Sensor Network Survey},
 journal = {Comput. Netw.},
 issue_date = {August, 2008},
 volume = {52},
 number = {12},
 month = aug,
 year = {2008},
 issn = {1389-1286},
 pages = {2292--2330},
 numpages = {39},
 url = {http://dx.doi.org/10.1016/j.comnet.2008.04.002},
 doi = {10.1016/j.comnet.2008.04.002},
 acmid = {1389832},
 publisher = {Elsevier North-Holland, Inc.},
 address = {New York, NY, USA},
 keywords = {Protocols, Sensor network deployment, Sensor network services, Survey, Wireless sensor network},
} 
@book{academic,
  title={Academic Press Library in Signal Processing: Signal Processing Theory and Machine Learning},
  author={Theodoridis, S. and Chellappa, R.},
  isbn={9780123972262},
  series={Academic Press Library in Signal Processing},
  url={http://books.google.nl/books?id=TrpG7UydM\_8C},
  year={2013},
  publisher={Elsevier Science}
}
