@ONLINE{rf24,
	title = {\uppercase{RF}24 \uppercase{C}lass \uppercase{R}eference},
	month = May,
	year = {2014},
	howpublished = "\url{http://maniacbug.github.io/RF24/classRF24.html}"
}
@ARTICLE{wifi, 
author={}, 
journal={IEEE Std. 802.11b}, title={Wireless \uppercase{LAN} \uppercase{M}edium \uppercase{A}ccess \uppercase{C}ontrol (\uppercase{MAC}) and \uppercase{P}hysical \uppercase{L}ayer (\uppercase{PHY}) specifications: Higher-Speed Physical Layer Extension in the 2.4 \uppercase{GH}z Band}, 
year={1999}, 
month={ }, 
volume={}, 
number={}, 
doi={\uppercase{ANSI/IEEE} 802.11b-1999}, 
ISSN={},}

@article{ward97,
    author = {Ward, A. and Jones, A. and Hopper, A.},
    citeulike-article-id = {8228811},
    journal = {IEEE Personal Communications},
    keywords = {imported, sensor\_networks, ubiquitous\_computing},
    number = {5},
    pages = {42--47},
    posted-at = {2010-11-10 18:34:07},
    priority = {2},
    publisher = {Citeseer},
    title = {{A new location technique for the active office}},
    volume = {4},
    year = {1997}
}
@book{h9,
 author = {Karl, Holger and Willig, Andreas},
 title = {Protocols and Architectures for Wireless Sensor Networks},
 year = {2005},
 isbn = {0470095105},
 publisher = {John Wiley \& Sons},
} 
@ONLINE{long,
	title = {\uppercase{A}rduino \uppercase{R}eference: long},
	month = Nov,
	year = {2014},
	howpublished = "\url{http://arduino.cc/en/Reference/long}"
}
@ONLINE{uno,
	title = {\uppercase{A}rduino \uppercase{U}no},
	month = Nov,
	year = {2014},
	howpublished = "\url{http://arduino.cc/en/Main/arduinoBoardUno}"
}