@ONLINE{rf24,
	title = {RF24 Class Reference},
	month = May,
	year = {2014},
	url = {http://maniacbug.github.io/RF24/classRF24.html}
}
